%% -*- coding:utf-8 -*-
@article{bib:KeithConradFiniteFields,
  title = {Finite Fields},
  author = {Keith Conrad},
  url = {http://www.math.uconn.edu/~kconrad/blurbs/galoistheory/finitefields.pdf}
}

@article{bib:KeithConradTensorProduct1,
  title = {Tensor POroducts},
  author = {Keith Conrad},
  url = {http://www.math.uconn.edu/~kconrad/blurbs/linmultialg/tensorprod.pdf}
}


@misc{ wiki:maxideal,
   author = "Wikipedia",
   title = "Maximal ideal --- Wikipedia{,} The Free Encyclopedia",
   year = "2016",
   url = "https://en.wikipedia.org/w/index.php?title=Maximal_ideal&oldid=704326783",
   note = "[Online; accessed 29-July-2016]"
 }

@misc{ wiki:nilpotent,
   author = "Wikipedia",
   title = "Nilpotent --- Wikipedia{,} The Free Encyclopedia",
   year = "2016",
   url = "https://en.wikipedia.org/w/index.php?title=Nilpotent&oldid=727125150",
   note = "[Online; accessed 29-July-2016]"
 }